<mx:record xmlns="http://www.w3.org/TR/xhtml1/strict" xmlns:mx="http://www.loc.gov/MARC21/slim" xmlns:xsi="http://www.w3.org/2001/XMLSchema-instance"><mx:leader>00000cz   2200000n  0000</mx:leader><mx:controlfield tag="001">oca02466564 </mx:controlfield><mx:controlfield tag="005">20080213052408.0</mx:controlfield><mx:controlfield tag="008">890224n| acannaabn          |a aaa      </mx:controlfield><mx:datafield ind1=" " ind2=" " tag="010"><mx:subfield code="a">n  88053027</mx:subfield></mx:datafield><mx:datafield ind1=" " ind2=" " tag="040"><mx:subfield code="a">DLC</mx:subfield><mx:subfield code="b">eng</mx:subfield><mx:subfield code="c">DLC</mx:subfield><mx:subfield code="d">OCoLC</mx:subfield></mx:datafield><mx:datafield ind1="0" ind2=" " tag="100"><mx:subfield code="a">Eudocia Macrembolitissa,</mx:subfield><mx:subfield code="c">Empress, consort of Romanus IV Diogenes, Emperor of the East,</mx:subfield><mx:subfield code="d">b. 1021</mx:subfield></mx:datafield><mx:datafield ind1="0" ind2=" " tag="400"><mx:subfield code="a">Eudokia Makremvolitissa,</mx:subfield><mx:subfield code="c">Empress, consort of Romanus IV Diogenes, Emperor of the East,</mx:subfield><mx:subfield code="d">b. 1021</mx:subfield></mx:datafield><mx:datafield ind1="0" ind2=" " tag="400"><mx:subfield code="a">Eudocia Macrembolitissa,</mx:subfield><mx:subfield code="c">Empress, consort of Constantine, Emperor of the East,</mx:subfield><mx:subfield code="d">b. 1021</mx:subfield></mx:datafield><mx:datafield ind1=" " ind2=" " tag="670"><mx:subfield code="a">Flach, H. Untersuchungen über Eudokia und Suidas, 1987:</mx:subfield><mx:subfield code="b">t.p. (Eudokia) p. 1 (empress Eudokia Makrembolitissa; author of Violarium, a lexicon)</mx:subfield></mx:datafield><mx:datafield ind1=" " ind2=" " tag="670"><mx:subfield code="a">Krumbacher.</mx:subfield><mx:subfield code="b">(Makrembolitissa; ref. from Eudokia)</mx:subfield></mx:datafield><mx:datafield ind1=" " ind2=" " tag="670"><mx:subfield code="a">Megalē Hellēnikē enkykl.</mx:subfield><mx:subfield code="b">(Eudokia hē Makremvolitissa, Autokrateira tou Vyzantiou)</mx:subfield></mx:datafield><mx:datafield ind1=" " ind2=" " tag="670"><mx:subfield code="a">Encycl. Britannica</mx:subfield><mx:subfield code="b">(Eudocia Macrembolitissa, b. 1021, Constantinople, Byzantine empress, daughter of John Macrembolites, was the wife of the emperor Constantine, and later of Romanus Diogenes)</mx:subfield></mx:datafield></mx:record>